@book{boyceDiprima,
  title={Equacões Diferenciais Elementares e Problemas de Valores de Contorno},
  author={William E. Boyce; Richard C. DiPrima},
  isbn={978521617563},
  year={2010},
  publisher={LTC}
}
@book{powers,
  title={Boundary Value Problems and Partial Differential Equations},
  author={David L. Powers},
  isbn={139780125637381},
  year={2006},
  publisher={Elsevier}
}
@book{sadiku,
  title={Numerical Techniques in Electromagnetics},
  author={Matthew N. O. Sadiku},
  isbn={0-8493-1395-3},
  year={2001},
  publisher={CRC Press}
}
@book{burden_faires,
  title={Numerical Analysis},
  author={Richard L. Burden; J. Douglas Faires},
  isbn={139780538733519},
  year={2010},
  publisher={Brooks/Cole}
}
@book{reddy,
  title={An Introduction to the Finite Element Method},
  author={J. N. Reddy},
  isbn={0071244735},
  year={2006},
  publisher={McGraw Hill}
}
@book{huebner,
  title={The Finite Element Method for Engineers},
  author={Kenneth H. Huebner, Donald L. Dewhirst, Douglas E. Smith, Ted G. Byrom},
  isbn={ 978-0-471-37078-9},
  year={2001},
  publisher={John Wiley \& sons}
}
@book{davis,
  title={Numerical Methods \& modeling for chemical engineers},
  author={Mark E. Davis},
  isbn={0471887617},
  year={2001},
  publisher={John Wiley \& sons}
}
@book{jin,
  title={The Finite Element Method in Electromagnetics},
  author={Jianming Jin},
  isbn={0471438189},
  year={2002},
  publisher={John Wiley \& sons}
}
@book{volakis,
  title={Finite Element Method for Electromagnetics},
  author={John L. Volakis; Arindam Chatterjee; Leo C. Kempel},
  isbn={0780334256},
  year={1998},
  publisher={John Wiley \& sons}
}
@book{zien,
  title={The Finite Element Method its Basis \& Fundamentals},
  author={R. L. Taylor; J.Z. Zhu;O. C. Zienkiewicz},
  isbn={0750663200},
  year={2005},
  publisher={Elsevier}
}
@book{desai,
  title={Introduction to the Finite Element Method: A Numerical Method for Engineering Analysis},
  author={J.F. Abel; Chandrakant S. Desai},
  year={1972},
  publisher={Van Nostrand Reinhold Company}
}
@booklet{moh,
  title={An Introduction to the Finite Element Method (FEM)for Differential Equations},
  author={Mohammad Asadzadeh},
  year={2012},
  month={Janeiro},
}
@misc{ita_ed,
  title={Resolução Numérica de Eq. Dif.},
  url={http://www.comp.ita.br/~pauloac/cci22/cap07_slides.pdf},
}
@misc{pvi_edo,
  title={Metodos Numericos para Eng. Quimica},
  url={http://www2.peq.coppe.ufrj.br/Pessoal/Professores/Arge/EQE358/Capitulo7-PVI_EDO.pdf},
}
